@misc{robocuprules,
  title      = "RoboCup Soccer Humanoid LeagueLaws of the Game 2019/2020",
  year    = "2019",
  howpublished = {\url{https://humanoid.robocup.org/wp-content/uploads/RCHL-2020-Rules-Dec23.pdf}}
}
@misc{numpy,
	title        = {The {S}ciPy community, {W}hat is {N}umPy ?},
	howpublished = {\url{https://numpy.org/doc/stable/user/whatisnumpy.html}},
	year         = {2020}
}
@misc{openaigym,
	author       = {OpenAI},
	title        = {Getting {S}tarted with {G}ym},
	howpublished = {\url{http://gym.openai.com/docs/}},
	year         = {2016}
}
@misc{stable-baselines,
	author       = {Antonin, Raffin and Ashley, Hill},
	title        = {Getting {S}tarted - {D}ocumentation {S}table {B}aselines},
	howpublished = {\url{https://stable-baselines.readthedocs.io/en/master/guide/quickstart.html}},
	year         = {2019}
}
@misc{openaigymGit,
	author       = {OpenAI},
	title        = {Open{AI G}ym},
	publisher    = {GitHub},
	journal      = {GitHub repository},
	howpublished = {\url{https://github.com/openai/gym}},
	year         = {2016}
}
@misc{PPO,
	title = {Proximal {P}olicy {O}ptimization},
	author = {John Schulman and Oleg Klimov and Filip Wolski and Prafulla Dhariwal and Alec Radford },
	year = {2017},
	howpublished = {\url{https://openai.com/blog/openai-baselines-ppo/}}
}
@misc{slimevolleygym,
	author       = {David Ha},
	title        = {Slime Volleyball Gym Environment},
	year         = {2020},
	publisher    = {GitHub},
	journal      = {GitHub repository},
	howpublished = {\url{https://github.com/hardmaru/slimevolleygym}}
}
@misc{argparse.py,
	title      = {Documentation {A}rg{P}Arse - {P}arseur d'arguments, d'options, et de sous-commandes de ligne de commande},
	author    = {{P}ython {S}oftware {F}oundation},
	howpublished = {\url{https://docs.python.org/fr/3/library/argparse.html}},
	note = {{D}ernière accès : 10 Février 2021}
}


@misc{json.py,
  title      = {Documentation JSON - Encodage et d\'{e}codage JSON},
  author    = {{P}ython {S}oftware {F}oundation},
  howpublished = {\url{https://docs.python.org/fr/3/library/json.html}},
  note = {{D}ernière accès : 10 Février 2021}
}
@misc{csv.py,
  title      = {Documentation CSV - Lecture et \'{e}criture de fichiers CSV},
  author    = {{P}ython {S}oftware {F}oundation},
  howpublished = {\url{https://docs.python.org/fr/3/library/csv.html}},
  note = {{D}ernière accès : 10 Février 2021}
}
@misc{Tuto-JSON,
	title      = {Reading and {W}riting {JSON} to a {F}ile in {P}ython},
	author    = {Scott Robinson},
	publisher    = {stackabuse},
	howpublished = {\url{https://stackabuse.com/reading-and-writing-json-to-a-file-in-python/}},
	note = {{D}ernière accès : 10 Février 2021}

}



@misc{core.py,
  title      = {Classe {O}pen{AI G}ym principale},
  author     = {David Ha and Greg Brockman and John Schulman and Tom B Brown and Jesse Cooper and Glenn Powell and Balazs Kossovics and Yulun Li and Xingdong Zuo and Will Douglas and Alex Nichol and Trevor Blackwell and Tom Alcorn and Szymon Sidor and Olivier Sigaud and Matthias Plappert and Jonas Schneider and Kristian Hartikainen and Jim Turner and Christopher Hesse and Adam Gleave and Alok Singh and Dan Timbrell and Sid Mysore},
  publisher    = {GitHub},
  journal      = {GitHub repository},
  howpublished = {\url{https://github.com/openai/gym/blob/master/gym/core.py}},
  year = {2020}
}
@misc{space.py,
  title      = {Défini l'espace d'actions et l'espace d'observations},
  author     = {Xingdong Zuo and Tristan Deleu and Sridhar Thiagarajan and Jonathan J Hunt and Edouard Leurent and Christopher Hesse},
  howpublished = {\url{https://github.com/openai/gym/blob/master/gym/spaces/space.py}},
  publisher    = {GitHub},
  journal      = {GitHub repository},
  year = {2020}
}
@misc{rendering.py,
  title      = {Objet Viewer, représentation des formes géométriques, mode d'observation par états},
  author     = {
  David Ha and Greg Brockman and Trevor Blackwell and Jonas Schneider and John Schulman and Shashi kant and Oleg Klimov and Pedro Freire and Alexander Botev and Abhinav Sagar et Abdelrahman Ahmed
  },
  publisher    = {GitHub},
  journal      = {GitHub repository},
  howpublished = {\url{https://github.com/openai/gym/blob/master/gym/envs/classic_control/rendering.py}},
    year = {2020}
}
@misc{test-atari.py,
  title      = {Environnement d'observations par pixels Atari (SlimeVolleyBall) compatible},
  author     = {David Ha},
  year = {2020},
  publisher    = {GitHub},
  journal      = {GitHub repository},
  howpublished = {\url{https://github.com/hardmaru/slimevolleygym/blob/master/test_atari.py}}
}
@misc{slimevolley.py,
  title      = {Fichier principal pour définir et représenter les environnement SlimeVolleyGym},
  author     = {David Ha},
  year = {2020},
  publisher    = {GitHub},
  journal      = {GitHub repository},
  howpublished = {\url{https://github.com/hardmaru/slimevolleygym/blob/master/slimevolleygym/slimevolley.py}}
}
@misc{TRAINING.md,
  title = {Pixel {O}bservation {E}nvironment},
  author = {David Ha},
  year = {2020},
  publisher    = {GitHub},
  journal      = {GitHub repository},
  howpublished = {\url{https://github.com/hardmaru/slimevolleygym/blob/master/TRAINING.md}}
}


@misc{1606.01540,
  author     = {Greg Brockman and Vicki Cheung and Ludwig Pettersson and Jonas Schneider and John Schulman and Jie Tang and Wojciech Zaremba},
  title      = {OpenAI Gym},
  year       = {2016},
  eprint     = {arXiv:1606.01540},
  howpublished = {\url{https://arxiv.org/pdf/1606.01540.pdf}}
}
@misc{RLoverview,
  author       = {Robert Moni},
  title        = {Reinforcement Learning algorithms — an intuitive overview},
  publisher    = {The Startup},
  journal      = {Medium},
  howpublished = {\url{https://medium.com/@SmartLabAI/reinforcement-learning-algorithms-an-intuitive-overview-904e2dff5bbc}},
  month        = {February},
  year         = {2019}
}


@misc{observation-and-action-spaces,
  author       = {Cban2020},
  title        = {States, Observation and Action Spaces in Reinforcement Learning},
  howpublished = {\url{https://medium.com/swlh/states-observation-and-action-spaces-in-reinforcement-learning-569a30a8d2a1}},
  publisher    = {The Startup},
  journal      = {Medium},
  year         = {2020}
}
@misc{OpenCV,
  author       = {Alexander Mordvintsev and Abid K},
  title        = {Gui Features in OpenCV},
  howpublished = {\url{https://opencv-python-tutroals.readthedocs.io/en/latest/py_tutorials/py_gui/py_table_of_contents_gui/py_table_of_contents_gui.html}},
  year         = {2013}
}
@article{ha2015slimevolley,
  title   = "Neural Slime Volleyball",
  author  = "Ha, David",
  journal = "blog.otoro.net",
  year    = "2015",
  url     = "https://blog.otoro.net/2015/03/28/neural-slime-volleyball/"
}
