@misc{openaigym,
  author       = {OpenAI},
  title        = {Getting {S}tarted with {G}ym},
  howpublished = {\url{http://gym.openai.com/docs/}},
  year         = {2016},
  note         = {Accessed mars 2021}
}
@misc{openaigymenv,
  author       = {OpenAI},
  title        = {git {G}ym},
  howpublished = {\url{https://github.com/openai/gym/blob/master/gym/core.py}},
  year         = {2016},
  note         = {Accessed mars 2021}
}
@misc{schemamarkov,
  author       = {Robert Moni},
  title        = {Reinforcement {L}earning algorithms},
  howpublished = {\url{https://smartlabai.medium.com/reinforcement-learning-algorithms-an-intuitive-overview-904e2dff5bbc}},
  year         = {2019},
  note         = {Accessed mars 2021}
}
@misc{robocuprules,
  title        = {Robocup Soccer Humanoid Leaguelaws of the Game 2019/2020},
  year         = {2019},
  howpublished = {\url{https://humanoid.robocup.org/wp-content/uploads/RCHL-2020-Rules-Dec23.pdf}},
  note         = {Accessed mars 2021}
}
@misc{stable-baselines,
  author       = {Antonin, Raffin and Ashley, Hill},
  title        = {Getting {S}tarted - {D}ocumentation {S}table {B}aselines},
  howpublished = {\url{https://stable-baselines.readthedocs.io/en/master/guide/quickstart.html}},
  year         = {2019},
  note         = {Accessed mars 2021}
}
@misc{slimevolleygym,
  author       = {David Ha},
  title        = {Slime Volleyball Gym Environment},
  year         = {2020},
  howpublished = {\url{https://github.com/hardmaru/slimevolleygym}},
  note         = {Accessed mars 2021}
}

@article{ha2015slimevolley,
  title   = {Neural Slime Volleyball},
  author  = {Ha, David},
  journal = {blog.otoro.net},
  year    = {2015},
  url     = {https://blog.otoro.net/2015/03/28/neural-slime-volleyball/}
}


@misc{numpy,
  author       = {},
  title        = {NumPy quickstart},
  howpublished = {\url{https://numpy.org/doc/stable/user/quickstart.html}},
  year         = {2021},
  note         = {Accessed avril 2021}
}

@misc{parameterized,
  author       = {David Wolever},
  title        = {Project description},
  howpublished = {\url{https://pypi.org/project/parameterized/}},
  year         = {2021},
  note         = {Accessed avril 2021}
}


@misc{copy,
  author       = {},
  title        = {Shallow and deep copy operations},
  howpublished = {\url{https://docs.python.org/3/library/copy.html}},
  year         = {2021},
  note         = {Accessed avril 2021}
}




@misc{typing,
  author       = {},
  title        = {Support for type hints},
  howpublished = {\url{https://docs.python.org/3/library/typing.html}},
  year         = {2021},
  note         = {Accessed avril 2021}
}

@misc{unittest,
  author       = {},
  title        = {Framework de tests unitaires},
  howpublished = {\url{https://docs.python.org/fr/3.7/library/unittest.html}},
  year         = {2020},
  note         = {Accessed avril 2021}
}


@misc{trigonometry1,
  author       = {Felix Eve},
  title        = {Rotate rectangle around a point},
  howpublished = {\url{https://stackoverflow.com/questions/4465931/rotate-rectangle-around-a-point/13208761}},
  year         = {2012},
  note         = {Accessed avril 2021}
}


@misc{trigonometry2,
  author       = {Kara Z},
  title        = {Calculate point, given x, y, angle, and distance?},
  howpublished = {\url{https://www.wyzant.com/resources/answers/601887/calculate-point-given-x-y-angle-and-distance}},
  year         = {2019},
  note         = {Accessed avril 2021}
}

@misc{collision1,
  author       = {Matt Worden},
  title        = {Collision Detection},
  howpublished = {\url{http://www.jeffreythompson.org/collision-detection/circle-rect.php}},
  year         = {},
  note         = {Accessed avril 2021}
}

